<?xml version="1.0" encoding="utf-8"?>
<record xmlns="http://www.loc.gov/MARC21/slim" xmlns:xsi="http://www.w3.org/2001/XMLSchema-instance" xsi:schemaLocation="http://www.loc.gov/MARC21/slim http://www.loc.gov/standards/marcxml/schema/MARC21slim.xsd">
	<leader>     nam a22        4500</leader>
	<controlfield tag="001">3068064</controlfield>
	<controlfield tag="003">NNC</controlfield>
	<controlfield tag="006">m        d        </controlfield>
	<controlfield tag="007">cr cn |||m|||a</controlfield>
	<controlfield tag="008">171205s1908    ae      ob    001 0caraod</controlfield>
	<datafield ind1=" " ind2=" " tag="040">
		<subfield code="a">NNU</subfield>
		<subfield code="b">eng</subfield>
		<subfield code="e">rda</subfield>
		<subfield code="c">NNU</subfield>
	</datafield>
	<datafield ind1=" " ind2=" " tag="043">
		<subfield code="a">f-ae---</subfield>
	</datafield>
	<datafield ind1=" " ind2="4" tag="050">
		<subfield code="a">DT299.T55</subfield>
		<subfield code="b">I37 1908</subfield>
	</datafield>
	<datafield ind1="0" ind2="4" tag="082">
		<subfield code="a">410.65</subfield>
		<subfield code="b">AB91B</subfield>
	</datafield>
	<datafield ind1="1" ind2=" " tag="100">
		<subfield code="6">880-01</subfield>
		<subfield code="a">Ibn Maryam al-Sharīf al-Malītī al-Madyūnī al-Tilimsānī, Muḥammad ibn Muḥammad ibn Aḥmad,</subfield>
		<subfield code="d">active 17th century.</subfield>
	</datafield>
	<datafield ind1="1" ind2="3" tag="245">
		<subfield code="6">880-02</subfield>
		<subfield code="a">al-Bustān fī dhikr al-awliyāʼ wa-al-ʻulamāʼ bi-Tilimsān /</subfield>
		<subfield code="c">taʼlīf Abī ʻAbd Allāh Muḥammad ibn Muḥammad ibn Aḥmad, al-mulaqqab bi-Ibn Maryam al-Sharīf al-Malīfī al-Madyūnī al-Tilimsānī ; waqafa ʻalá ṭabʻihi wa-iʻtaná bi-murājaʻat aṣlihi Muḥammad ibn Abī Shanab.</subfield>
	</datafield>
	<datafield ind1=" " ind2=" " tag="260">
		<subfield code="6">880-03</subfield>
		<subfield code="a">al-Jazāʼir :</subfield>
		<subfield code="b">al-Maṭbaʻah al-Thaʻālibīyah,</subfield>
		<subfield code="c">1908.</subfield>
	</datafield>
	<datafield ind1=" " ind2=" " tag="300">
		<subfield code="a">online resource (315, 65 pages)</subfield>
	</datafield>
	<datafield ind1=" " ind2=" " tag="336">
		<subfield code="a">text</subfield>
		<subfield code="2">rdacontent</subfield>
	</datafield>
	<datafield ind1=" " ind2=" " tag="337">
		<subfield code="a">computer</subfield>
		<subfield code="2">rdamedia</subfield>
	</datafield>
	<datafield ind1=" " ind2=" " tag="338">
		<subfield code="a">online resource</subfield>
		<subfield code="2">rdacarrier</subfield>
	</datafield>
	<datafield ind1=" " ind2=" " tag="500">
		<subfield code="a">Part of the Arabic Collections Online (ACO) project, contributed by Columbia University Libraries.</subfield>
	</datafield>
	<datafield ind1=" " ind2=" " tag="504">
		<subfield code="a">Includes bibliographical references and indexes.</subfield>
	</datafield>
	<datafield ind1=" " ind2=" " tag="533">
		<subfield code="a">Electronic reproduction.</subfield>
		<subfield code="b">New York, N.Y. :</subfield>
		<subfield code="c">New York University,</subfield>
		<subfield code="d">2017.</subfield>
		<subfield code="5">NNU</subfield>
	</datafield>
	<datafield ind1=" " ind2="0" tag="650">
		<subfield code="a">Muslims</subfield>
		<subfield code="z">Algeria</subfield>
		<subfield code="v">Biography.</subfield>
	</datafield>
	<datafield ind1=" " ind2="0" tag="650">
		<subfield code="a">Muslim saints</subfield>
		<subfield code="z">Algeria.</subfield>
	</datafield>
	<datafield ind1=" " ind2="0" tag="650">
		<subfield code="a">Muslim scholars</subfield>
		<subfield code="z">Algeria.</subfield>
	</datafield>
	<datafield ind1=" " ind2="0" tag="651">
		<subfield code="a">Tlemcen (Algeria)</subfield>
		<subfield code="v">Biography.</subfield>
	</datafield>
	<datafield ind1=" " ind2="0" tag="651">
		<subfield code="a">Algeria</subfield>
		<subfield code="v">Biography.</subfield>
	</datafield>
	<datafield ind1=" " ind2="7" tag="650">
		<subfield code="a">Muslim saints.</subfield>
		<subfield code="2">fast</subfield>
		<subfield code="0">(OCoLC)fst01030977</subfield>
	</datafield>
	<datafield ind1=" " ind2="7" tag="650">
		<subfield code="a">Muslim scholars.</subfield>
		<subfield code="2">fast</subfield>
		<subfield code="0">(OCoLC)fst01731774</subfield>
	</datafield>
	<datafield ind1=" " ind2="7" tag="650">
		<subfield code="a">Muslims.</subfield>
		<subfield code="2">fast</subfield>
		<subfield code="0">(OCoLC)fst01031029</subfield>
	</datafield>
	<datafield ind1=" " ind2="7" tag="651">
		<subfield code="a">Algeria.</subfield>
		<subfield code="2">fast</subfield>
		<subfield code="0">(OCoLC)fst01205459</subfield>
	</datafield>
	<datafield ind1=" " ind2="7" tag="651">
		<subfield code="a">Algeria</subfield>
		<subfield code="z">Tlemcen.</subfield>
		<subfield code="2">fast</subfield>
		<subfield code="0">(OCoLC)fst01233735</subfield>
	</datafield>
	<datafield ind1=" " ind2="7" tag="650">
		<subfield code="a">Musulmans</subfield>
		<subfield code="z">Algérie</subfield>
		<subfield code="v">Biographies.</subfield>
		<subfield code="2">ram</subfield>
	</datafield>
	<datafield ind1=" " ind2="7" tag="650">
		<subfield code="a">Saints musulmans</subfield>
		<subfield code="z">Algérie.</subfield>
		<subfield code="2">ram</subfield>
	</datafield>
	<datafield ind1=" " ind2="7" tag="651">
		<subfield code="a">Tilimsen (Algérie)</subfield>
		<subfield code="2">ram</subfield>
	</datafield>
	<datafield ind1=" " ind2="7" tag="655">
		<subfield code="a">Biography.</subfield>
		<subfield code="2">fast</subfield>
		<subfield code="0">(OCoLC)fst01423686</subfield>
	</datafield>
	<datafield ind1="1" ind2=" " tag="700">
		<subfield code="6">880-04</subfield>
		<subfield code="a">Ibn Abī Shanab, Muḥammad.</subfield>
	</datafield>
	<datafield ind1="2" ind2=" " tag="710">
		<subfield code="a">Columbia University.</subfield>
		<subfield code="b">Libraries.</subfield>
	</datafield>
	<datafield ind1="0" ind2=" " tag="730">
		<subfield code="a">Arabic Collections Online.</subfield>
	</datafield>
	<datafield ind1="0" ind2="8" tag="776">
		<subfield code="6">880-05</subfield>
		<subfield code="i">Online version:</subfield>
		<subfield code="a">Ibn Maryam al-Sharīf al-Malītī al-Madyūnī al-Tilimsānī, Muḥammad ibn Muḥammad ibn Aḥmad, 17th cent.</subfield>
		<subfield code="t">Bustān fī dhikr al-awliyāʼ wa-al-ʻulamāʼ bi-Tilimsān.</subfield>
		<subfield code="d">al-Jazāʼir : al-Maṭbaʻah al-Thaʻālibīyah, 1908</subfield>
		<subfield code="w">(OCoLC)767852834</subfield>
	</datafield>
	<datafield ind1="0" ind2="8" tag="776">
		<subfield code="i">Print version:</subfield>
		<subfield code="a">Ibn Maryam al-Sharīf al-Malītī al-Madyūnī al-Tilimsānī, Muḥammad ibn Muḥammad ibn Aḥmad, active 17th century.</subfield>
		<subfield code="t">al-Bustān fī dhikr al-awliyāʼ wa-al-ʻulamāʼ bi-Tilimsān</subfield>
		<subfield code="w">(NNC)3068064</subfield>
		<subfield code="w">(OCoLC)22950895</subfield>
	</datafield>
	<datafield ind1="4" ind2="0" tag="856">
		<subfield code="u">http://hdl.handle.net/2333.1/j6q578x6</subfield>
	</datafield>
	<datafield ind1="1" ind2=" " tag="880">
		<subfield code="6">100-01/r</subfield>
		<subfield code="a">إبن مريم الشريف المليتي المديوني التلمساني، محمد بن محمد بن أحمد،</subfield>
		<subfield code="d">active 17th century.</subfield>
	</datafield>
	<datafield ind1="1" ind2="2" tag="880">
		<subfield code="6">245-02/r</subfield>
		<subfield code="a">البستان في ذكر الأولياء والعلماء بتلمسان /</subfield>
		<subfield code="c">تأليف أبي عبد الله محمد بن محمد بن أحمد، الملقب بإبن مريم الشريف المليفي المديوني التلمساني ؛ وقف على طبعه واعتنى بمراجعة أصله محمد بن أبي شنب.</subfield>
	</datafield>
	<datafield ind1=" " ind2=" " tag="880">
		<subfield code="6">260-03/r</subfield>
		<subfield code="a">الجزائر :</subfield>
		<subfield code="b">المطبعة الثعالبية،</subfield>
		<subfield code="c">1908.</subfield>
	</datafield>
	<datafield ind1="1" ind2=" " tag="880">
		<subfield code="6">700-04/r</subfield>
		<subfield code="a">إبن أبي شنب، محمد.</subfield>
	</datafield>
	<datafield ind1="0" ind2="8" tag="880">
		<subfield code="6">776-05/r</subfield>
		<subfield code="i">Online version:</subfield>
		<subfield code="a">ابن مريم الشريف المليتي المديوني التلساني، محمد بن محمد بن احمد، 17ث نت.</subfield>
		<subfield code="t">بستان في ذكر الاولاء والعلماء بتلسان.</subfield>
		<subfield code="d">الجزائر : المطبعة الثعالية، 1908</subfield>
		<subfield code="w">(ل)767852834</subfield>
	</datafield>
	<datafield ind1=" " ind2=" " tag="959">
		<subfield code="a">NNU</subfield>
		<subfield code="b">WEB</subfield>
		<subfield code="c">GENI</subfield>
		<subfield code="t">0</subfield>
		<subfield code="m">Electronic access</subfield>
		<subfield code="s">01</subfield>
	</datafield>
	<datafield ind1=" " ind2=" " tag="999">
		<subfield code="i">NNC_3068064</subfield>
		<subfield code="o">(OCoLC)ocm22950895</subfield>
		<subfield code="s">columbia_aco002565</subfield>
		<subfield code="e">(ERROR-MISC)</subfield>
		<subfield code="s">columbia_aco002565</subfield>
	</datafield>
</record>
